@misc{Eastman:2014,
  author       = {Peter Eastman},
  howpublished = {\url{https://web.stanford.edu/~peastman/statmech/phasetransitions.html}},
  title        = {Introduction to Statistical Mechanics},
  url          = {https://web.stanford.edu/~peastman/statmech/phasetransitions.html},
  year         = {2014}
}


@misc{Krauss:2018,
  author       = {Frank Krauss and Daniel Maitre},
  howpublished = {\url{https://www.ippp.dur.ac.uk/~krauss/Lectures/NumericalMethods/PhaseTransitions/Lecture/pt1.html}},
  title        = {Phase Transitions},
  url          = {https://www.ippp.dur.ac.uk/~krauss/Lectures/NumericalMethods/PhaseTransitions/Lecture/pt1.html},
  year         = {2018}
},
}

@article{Lepage:1977sw,
  author       = {Lepage, G. Peter},
  doi          = {10.1016/0021-9991(78)90004-9},
  journal      = {J. Comput. Phys.},
  pages        = {192},
  reportnumber = {SLAC-PUB-1839-REV, SLAC-PUB-1839},
  title        = {{A New Algorithm for Adaptive Multidimensional Integration}},
  volume       = {27},
  year         = {1978}
}

@article{Lepage:2020tgj,
  archiveprefix = {arXiv},
  author        = {Lepage, G. Peter},
  doi           = {10.1016/j.jcp.2021.110386},
  eprint        = {2009.05112},
  journal       = {J. Comput. Phys.},
  pages         = {110386},
  primaryclass  = {physics.comp-ph},
  title         = {{Adaptive multidimensional integration: VEGAS enhanced}},
  volume        = {439},
  year          = {2021}
}

@article{Mittal:2020,
  author  = {Shikhar Mittal and Marise J Westbroek and Peter R King and Dimitri D Vvedensky},
  doi     = {10.1088/1361-6404/ab9a66},
  journal = {Eur. J. Phys.},
  number  = {5},
  pages   = {055401},
  title   = {{Path integral Monte Carlo method for the quantum anharmonic oscillator}},
  volume  = {41},
  year    = {2020}
}

@article{Papaefstathiou:2014mya,
  archiveprefix = {arXiv},
  author        = {Papaefstathiou, Andreas},
  doi           = {10.1140/epjp/s13360-020-00499-1},
  eprint        = {1412.4677},
  journal       = {Eur. Phys. J. Plus},
  number        = {6},
  pages         = {497},
  primaryclass  = {hep-ph},
  title         = {{How-to: write a parton-level Monte Carlo particle physics event generator}},
  volume        = {135},
  year          = {2020}
}

@techreport{Rodgers:2014,
  author = {R. Rodgers and L. Raes},
  title  = {{Monte Carlo simulations of harmonic and anharmonic oscillators in discrete Euclidean time}},
  type   = {DESY Summer Student Programme},
  year   = {2014}
}