@article{Banerjee:1978dz,
  author  = {Banerjee, K. and Bhatnagar, S. P.},
  doi     = {10.1103/PhysRevD.18.4767},
  journal = {Phys. Rev. D},
  pages   = {4767},
  title   = {{Two Well Oscillator}},
  volume  = {18},
  year    = {1978}
}

@book{Chong:2021,
  author    = {Chong, Y. D.},
  note      = {\url{https://phys.libretexts.org/@go/page/34507}},
  publisher = {Nanyang Technological University},
  title     = {Computational Physics},
  url       = {https://phys.libretexts.org/@go/page/34507},
  year      = {2021}
}

@misc{Eastman:2014,
  author       = {Peter Eastman},
  howpublished = {\url{https://web.stanford.edu/~peastman/statmech/phasetransitions.html}},
  title        = {Introduction to Statistical Mechanics},
  url          = {https://web.stanford.edu/~peastman/statmech/phasetransitions.html},
  year         = {2014}
}

@article{Feynman:1948ur,
  author  = {Feynman, R. P.},
  doi     = {10.1103/RevModPhys.20.367},
  journal = {Rev. Mod. Phys.},
  pages   = {367},
  title   = {Space-time approach to nonrelativistic quantum mechanics},
  volume  = {20},
  year    = {1948}
}

@book{feynman2010quantum,
  author    = {Feynman, R. P. and Hibbs, A. R. and Styer, D. F.},
  isbn      = {9780486477220},
  publisher = {Dover Publications},
  title     = {{Quantum Mechanics and Path Integrals}},
  year      = {2010}
}


@book{feynman2011feynman,
  author    = {Feynman, R.P. and Leighton, R.B. and Sands, M.},
  isbn      = {9780465025015},
  publisher = {Basic Books},
  title     = {{The Feynman Lectures on Physics, Vol. III: The New Millennium Edition: Quantum Mechanics}},
  url       = {https://www.feynmanlectures.caltech.edu/III_toc.html},
  year      = {2011}
}

@misc{Krauss:2018,
  author       = {Frank Krauss and Daniel Maitre},
  howpublished = {\url{https://www.ippp.dur.ac.uk/~krauss/Lectures/NumericalMethods/PhaseTransitions/Lecture/pt1.html}},
  title        = {Phase Transitions},
  url          = {https://www.ippp.dur.ac.uk/~krauss/Lectures/NumericalMethods/PhaseTransitions/Lecture/pt1.html},
  year         = {2018}
}


@book{Landau:2015,
  author    = {Landau, R. H. and P\'{a}ez, M. J. and Bordeianu, C. C.},
  edition   = {3},
  publisher = {Wiley},
  title     = {{Computational Physics: Problem Solving with Python}},
  year      = {2015}
},
}

@article{Lepage:1977sw,
  author       = {Lepage, G. Peter},
  doi          = {10.1016/0021-9991(78)90004-9},
  journal      = {J. Comput. Phys.},
  pages        = {192},
  reportnumber = {SLAC-PUB-1839-REV, SLAC-PUB-1839},
  title        = {{A New Algorithm for Adaptive Multidimensional Integration}},
  volume       = {27},
  year         = {1978}
}

@article{Lepage:2020tgj,
  archiveprefix = {arXiv},
  author        = {Lepage, G. Peter},
  doi           = {10.1016/j.jcp.2021.110386},
  eprint        = {2009.05112},
  journal       = {J. Comput. Phys.},
  pages         = {110386},
  primaryclass  = {physics.comp-ph},
  title         = {{Adaptive multidimensional integration: VEGAS enhanced}},
  volume        = {439},
  year          = {2021}
}

@article{Mittal:2020,
  author  = {Shikhar Mittal and Marise J Westbroek and Peter R King and Dimitri D Vvedensky},
  doi     = {10.1088/1361-6404/ab9a66},
  journal = {Eur. J. Phys.},
  number  = {5},
  pages   = {055401},
  title   = {{Path integral Monte Carlo method for the quantum anharmonic oscillator}},
  volume  = {41},
  year    = {2020}
}

@article{Papaefstathiou:2014mya,
  archiveprefix = {arXiv},
  author        = {Papaefstathiou, Andreas},
  doi           = {10.1140/epjp/s13360-020-00499-1},
  eprint        = {1412.4677},
  journal       = {Eur. Phys. J. Plus},
  number        = {6},
  pages         = {497},
  primaryclass  = {hep-ph},
  title         = {{How-to: write a parton-level Monte Carlo particle physics event generator}},
  volume        = {135},
  year          = {2020}
}

@techreport{Rodgers:2014,
  author = {R. Rodgers and L. Raes},
  title  = {{Monte Carlo simulations of harmonic and anharmonic oscillators in discrete Euclidean time}},
  type   = {DESY Summer Student Programme},
  year   = {2014}
}
